@article{com_model_aimone,
  author    = "James B. Aimone",
  title     = "Computational Modeling of Adult Neurogenesis",
  journal = "Cold Spring Harbor Laboratory Press",
  year      = 2016,
  language  = "english",
  doi = {10.1101/cshperspect.a018960},
  URL = {http://dx.doi.org/10.1101/cshperspect.a018960}
}
@article{genesis_aging,
  author    = "Deana M.Apple",
  title     = "Neurogenesis in the aging brain",
  journal = "Biochemical Pharmacology",
  year      = 2017,
  language  = "english",
  doi = {10.1016/j.bcp.2017.06.116},
  URL = {https://doi.org/10.1016/j.bcp.2017.06.116}
}
@article{genesis_stroke,
  author    = "Quentin Marlier",
  title     = "Mechanisms and Functional Significance of Stroke-Induced Neurogenesis",
  journal = "Frontier Neuroscience",
  year      = 2015,
  language  = "english",
  doi = {10.3389/fnins.2015.00458},
  URL = {https://doi.org/10.3389/fnins.2015.00458}
}
@article{genesis_trauma,
  author    = "Zheng W",
  title     = "Neurogenesis in adult human brain after traumatic brain injury",
  journal = "Journal of Neurotrauma",
  year      = 2013,
  language  = "english",
  doi = {10.1089/neu.2010.1579},
  URL = {https://doi.org/10.1089/neu.2010.1579}
}

@book{book:fourier,
  title      = {Ряды и интеграл Фурье: Теория поля. Аналитические и специальные функции. Преобразование Лапласа},
  author     = {Кожевников, Н.И. and Краснощекова, Т.И. and Шишкин, Н.Е.},
  lccn       = {66051327},
  series     = {Избранные главы высшей математики для инженеров и студентов втузов. Задачи и упражнения},
  url        = {http://books.google.ru/books?id=xvXuAAAAMAAJ},
  year       = {1964},
  publisher  = {Наука},
  eprint     = {http://books.google.ru/books?id=xvXuAAAAMAAJ},
  eprinttype = {Google Books}
}
@online{wiki:lcd,
  author       = "Wikipedia",
  title        = "Наибольший общий делитель",
  howpublished = "Википедия, свободная энциклопедия",
  year         = 2012,
  url          = {http://goo.gl/1eEF3},
  urldate      = "08.04.2013",
  language     = "russian"
}